<collection xmlns="http://www.loc.gov/MARC21/slim">
<record>
  <leader>01121nam0a22002411i 450 </leader>
  <controlfield tag="001">IT\ICCU\CNCE\027509</controlfield>
  <controlfield tag="005">20050414000000.0</controlfield>
  <datafield tag="012" ind1=" " ind2=" ">
    <subfield code="a">illa l.lo orc. uss&amp; (C) 1595 (A)</subfield>
    <subfield code="2">fei</subfield>
  </datafield>
  <datafield tag="100" ind1=" " ind2=" ">
    <subfield code="a">19971029d1595        0itac0103    ba</subfield>
  </datafield>
  <datafield tag="101" ind1=" " ind2=" ">
    <subfield code="a">ITA</subfield>
  </datafield>
  <datafield tag="102" ind1=" " ind2=" ">
    <subfield code="a">IT</subfield>
  </datafield>
  <datafield tag="200" ind1="1" ind2=" ">
    <subfield code="a">Constitutione dell&apos;ill.mo et reueren.mo sig. card. Aldobrandino superintendente de tutto lo Stato Ecclesiastico nella quale s&apos;ordina, et commanda osseruarsi nella citt ̉di Spoleti la tassa da pagamenti d&apos;officiali nel modo, che segue</subfield>
  </datafield>
  <datafield tag="210" ind1=" " ind2=" ">
    <subfield code="a">In Perugia</subfield>
    <subfield code="c">appresso Pietro Paolo Orlando</subfield>
    <subfield code="d">1595</subfield>
  </datafield>
  <datafield tag="215" ind1=" " ind2=" ">
    <subfield code="a">6 c.</subfield>
    <subfield code="d">fol</subfield>
  </datafield>
  <datafield tag="620" ind1=" " ind2=" ">
    <subfield code="a">IT</subfield>
    <subfield code="d">Perugia</subfield>
  </datafield>
  <datafield tag="710" ind1="0" ind2="2">
    <subfield code="a">Spoleto</subfield>
    <subfield code="3">6932</subfield>
  </datafield>
  <datafield tag="712" ind1="0" ind2="0">
    <subfield code="a">Orlando, Pietro Paolo</subfield>
    <subfield code="3">IT\ICCU\CNCT\000812</subfield>
    <subfield code="4">650</subfield>
  </datafield>
  <datafield tag="791" ind1="0" ind2="0">
    <subfield code="a">Orlandi, Pietro Paolo</subfield>
    <subfield code="3">IT\ICCU\CNCT\002449</subfield>
    <subfield code="z">Orlando, Pietro Paolo</subfield>
  </datafield>
  <datafield tag="791" ind1="0" ind2="0">
    <subfield code="a">Orlandus, Petruspaulus</subfield>
    <subfield code="3">IT\ICCU\CNCT\005162</subfield>
    <subfield code="z">Orlando, Pietro Paolo</subfield>
  </datafield>
  <datafield tag="791" ind1="0" ind2="0">
    <subfield code="a">Orlandius, Petrus Paulus</subfield>
    <subfield code="3">IT\ICCU\CNCT\005163</subfield>
    <subfield code="z">Orlando, Pietro Paolo</subfield>
  </datafield>
  <datafield tag="801" ind1=" " ind2="3">
    <subfield code="a">IT</subfield>
    <subfield code="b">ICCU</subfield>
    <subfield code="c">20201114</subfield>
  </datafield>
  <datafield tag="899" ind1=" " ind2=" ">
    <subfield code="a">Biblioteca Casanatense. Roma</subfield>
    <subfield code="1">RM0313</subfield>
    <subfield code="2">RML 07</subfield>
  </datafield>
  <datafield tag="899" ind1=" " ind2=" ">
    <subfield code="a">Biblioteca dell&apos;Archivio di Stato di Roma. Roma</subfield>
    <subfield code="1">RM0459</subfield>
    <subfield code="2">RML 12</subfield>
  </datafield>
</record>
</collection>
